<?xml version="1.0" encoding="UTF-8"?><collection xmlns="http://www.loc.gov/MARC21/slim"><record><leader>00439nam--2200133-i-4500</leader><controlfield tag="001">000038374</controlfield><controlfield tag="002">20161230</controlfield><controlfield tag="005">20161230201041</controlfield><controlfield tag="008">060222s1000------------r-----000-0-eng-d</controlfield><datafield ind1=" " ind2=" " tag="100"><subfield code="a">Renard, P., Sacton, J</subfield></datafield><datafield ind1=" " ind2=" " tag="245"><subfield code="a">Production of heavy spallation hyperfragments  from the interactions of 8oo mev/ck mesons with emulsion nuclei</subfield></datafield><datafield ind1=" " ind2=" " tag="260"><subfield code="a">Bruxelles, Press.Acad.Europeenes, 1963, 18p.+ 19 Fig</subfield></datafield><datafield ind1=" " ind2=" " tag="490"><subfield code="a">Univ.De Bruxelles</subfield></datafield><datafield ind1=" " ind2=" " tag="852"><subfield code="a">19411</subfield></datafield></record></collection>